@book{huff1954how,
  title={How to Lie with Statistics},
  author={Huff, Darrell},
  year={1954},
  publisher={W. W. Norton & Company}
}

@article{hills2002oxford,
  title={The Oxford Happiness Questionnaire: a compact scale for the measurement of psychological well-being},
  author={Hills, Peter and Argyle, Michael},
  journal={Personality and Individual Differences},
  volume={33},
  number={7},
  pages={1073--1082},
  year={2002},
  publisher={Elsevier}
}

@book{kahneman2011thinking,
  title={Thinking, Fast and Slow},
  author={Kahneman, Daniel},
  year={2011},
  publisher={Farrar, Straus and Giroux}
}

@book{thaler2008nudge,
  title={Nudge: Improving Decisions About Health, Wealth, and Happiness},
  author={Thaler, Richard H. and Sunstein, Cass R.},
  year={2008},
  publisher={Yale University Press}
}

@book{gilbert2006stumbling,
  title={Stumbling on Happiness},
  author={Gilbert, Daniel},
  year={2006},
  publisher={Knopf}
}

@misc{fpp1998scranton,
  author = {Freedman, David and Pisani, Robert and Purves, Roger and Adhikari, Ani},
  title = {Statistics},
  edition = {2nd},
  year = {1998},
  publisher = {W. W. Norton & Company},
  note = {p. 309: fictional newspaper headline attributed to the "Scranton Tribune" --- not a real publication}
}

@misc{asa_definition,
  author       = {{American Statistical Association}},
  title        = {Statistics is the science of learning from data},
  howpublished = {\url{https://www.amstat.org/asa-newsroom}},
  note         = {Accessed: 2025-04-25},
  year         = {n.d.}
}

@misc{nbs_poll_20240725,
  author       = {{중앙선거여론조사심의위원회}},
  title        = {종합부동산세 관련 여론조사 결과 (NBS, 2024년 7월 조사)},
  year         = {2024},
  howpublished = {\url{https://www.nesdc.go.kr/}},
  note         = {2024년 7월 25일 발표. NBS(전국지표조사) 수행, 선거여론조사심의위원회 등록자료. Accessed: 2025-04-25}
}

@article{boynton1999catalog,
  author    = {Peter M. Boynton and Trisha Greenhalgh},
  title     = {A catalogue of bias in questionnaires},
  journal   = {BMJ: British Medical Journal},
  volume    = {324},
  number    = {7339},
  pages     = {752--755},
  year      = {2002},
  publisher = {BMJ Publishing Group},
  url       = {https://www.ncbi.nlm.nih.gov/pmc/articles/PMC1122072/},
  note      = {Accessed: 2025-04-25}
}

@techreport{bogner2016response,
  author    = {Kathrin Bogner and Uta Landrock},
  title     = {Response Biases in Standardised Surveys},
  institution = {GESIS – Leibniz Institute for the Social Sciences},
  year      = {2016},
  url       = {https://www.gesis.org/fileadmin/admin/Dateikatalog/pdf/guidelines/response_biases_standardized_surveys_bogner_landrock_2016.pdf},
  note      = {Accessed: 2025-04-25}
}

@misc{genroe_biased_questions,
  author    = {{Genroe}},
  title     = {Biased Questions: How to Identify \& Fix Them in Surveys},
  year      = {2020},
  url       = {https://www.genroe.com/blog/biased-questions/15422},
  note      = {Accessed: 2025-04-25}
}
